@BOOK{wojtaszczyk1996banach,
  AUTHOR = {Wojtaszczyk, Przemyslaw},
  LANGUAGE = {english},
  PUBLISHER = {Cambridge University Press},
  DATE = {1996},
  LANGID = {english},
  TITLE = {Banach spaces for analysts},
  VOLUME = {25},
}

@BOOK{lindenstrauss1973classical,
  AUTHOR = {Lindenstrauss, Joram and Tzafriri, Lior},
  LANGUAGE = {english},
  PUBLISHER = {Springer},
  DATE = {1973},
  LANGID = {english},
  TITLE = {Classical Banach spaces},
  VOLUME = {I},
}

@BOOK{banach1993theorie,
  AUTHOR = {Banach, Stefan},
  LANGUAGE = {french},
  LOCATION = {Sceaux},
  PUBLISHER = {Éditions Jacques Gabay},
  DATE = {1993},
  ISBN = {2-87647-148-5},
  LANGID = {french},
  NOTE = {Reprint of the 1932 original},
  PAGES = {iv+128},
  TITLE = {Théorie des opérations linéaires},
}

@ARTICLE{alekhno2012superposition,
  AUTHOR = {Alekhno, Egor},
  LANGUAGE = {english},
  PUBLISHER = {Versita},
  DATE = {2012},
  JOURNALTITLE = {Open Mathematics},
  LANGID = {english},
  NUMBER = {2},
  PAGES = {619--645},
  TITLE = {Superposition operator on the space of sequences almost converging to zero},
  VOLUME = {10},
}

@ARTICLE{alekhno2015banach,
  AUTHOR = {Alekhno, Egor A},
  LANGUAGE = {english},
  PUBLISHER = {Elsevier},
  DATE = {2015},
  JOURNALTITLE = {Indagationes Mathematicae},
  LANGID = {english},
  NUMBER = {4},
  PAGES = {581--614},
  TITLE = {On Banach--Mazur limits},
  VOLUME = {26},
}

@ARTICLE{lorentz1948contribution,
  AUTHOR = {Lorentz, G. G.},
  LANGUAGE = {english},
  PUBLISHER = {Springer},
  DATE = {1948},
  DOI = {10.1007/BF02393648},
  ISSN = {0001-5962},
  JOURNALTITLE = {Acta Mathematica},
  LANGID = {english},
  NUMBER = {1},
  PAGES = {167--190},
  TITLE = {A contribution to the theory of divergent sequences},
  VOLUME = {80},
}

@ARTICLE{sucheston1967banach,
  AUTHOR = {Sucheston, Louis},
  LANGUAGE = {english},
  DATE = {1967},
  DOI = {10.2307/2316038},
  ISSN = {0002-9890},
  JOURNALTITLE = {Amer. Math. Monthly},
  LANGID = {english},
  PAGES = {308--311},
  TITLE = {Banach limits},
  VOLUME = {74},
}

@INPROCEEDINGS{semenov2006space,
  AUTHOR = {Semenov, EM and Usachev, AS and Khorpyakov, OO},
  LANGUAGE = {english},
  ORGANIZATION = {Springer},
  BOOKTITLE = {Doklady Mathematics},
  DATE = {2006},
  LANGID = {english},
  NUMBER = {1},
  PAGES = {587--588},
  TITLE = {The space of almost convergent sequences},
  VOLUME = {74},
}

@ARTICLE{usachev2008transformations,
  AUTHOR = {Usachev, Aleksandr Sergeevich},
  LANGUAGE = {english},
  PUBLISHER = {Springer},
  DATE = {2008},
  JOURNALTITLE = {Siberian Mathematical Journal},
  LANGID = {english},
  NUMBER = {6},
  PAGES = {1136--1137},
  TITLE = {Transformations in the space of almost convergent sequences},
  VOLUME = {49},
}

@ARTICLE{connor1990almost,
  AUTHOR = {Connor, Jeff},
  LANGUAGE = {english},
  PUBLISHER = {Hindawi},
  DATE = {1990},
  JOURNALTITLE = {International Journal of Mathematics and Mathematical Sciences},
  LANGID = {english},
  NUMBER = {4},
  PAGES = {775--777},
  TITLE = {Almost none of the sequences of 0's and 1's are almost convergent},
  VOLUME = {13},
}

@ARTICLE{semenov2015banachtraces,
  OPTIONS = {useauthor=0},
  AUTHOR = {Semenov, Evgeniy and Sukochev, Fedor and Usachev, Alexandr and Zanin, Dmitriy},
  LANGUAGE = {english},
  PUBLISHER = {Elsevier},
  DATE = {2015},
  JOURNALTITLE = {Advances in Mathematics},
  LANGID = {english},
  PAGES = {568--628},
  TITLE = {Banach limits and traces on $L_{1,\infty}$},
  VOLUME = {285},
}

@INPROCEEDINGS{semenov2009fourier,
  AUTHOR = {Semenov, EM and Usachev, AS},
  LANGUAGE = {english},
  ORGANIZATION = {Springer},
  BOOKTITLE = {Doklady Mathematics},
  DATE = {2009},
  LANGID = {english},
  NUMBER = {2},
  PAGES = {191--192},
  TITLE = {Fourier-Haar coefficients and Banach limits},
  VOLUME = {79},
}

@ARTICLE{strukova2015spectres,
  AUTHOR = {Струкова, Ирина Игоревна},
  DATE = {2015},
  JOURNALTITLE = {Вестн. ВГУ. Серия: Физика. Математика},
  PAGES = {161--165},
  TITLE = {Спектры алгебр медленно меняющихся и периодических на бесконечности функций и банаховы пределы},
  VOLUME = {3},
}

@ARTICLE{our-vzms-2018,
  AUTHOR = {Авдеев, Н Н and Семенов, Е М},
  PUBLISHER = {Воронеж: Издательско-полиграфический центр "Научная книга"},
  DATE = {2018},
  JOURNALTITLE = {Воронежская Зимняя Математическая школа С.Г. Крейна – 2018. Материалы Международной конференции. Под ред. В.А. Костина.},
  PAGES = {107--109},
  TITLE = {Об асимптотических свойствах оператора Чезаро},
}

@ARTICLE{Semenov2010invariant,
  AUTHOR = {Semenov, Evgenii M and Sukochev, Fedor A},
  LANGUAGE = {english},
  PUBLISHER = {Elsevier},
  DATE = {2010},
  JOURNALTITLE = {Journal of Functional Analysis},
  LANGID = {english},
  NUMBER = {6},
  PAGES = {1517--1541},
  TITLE = {Invariant Banach limits and applications},
  VOLUME = {259},
}

@INPROCEEDINGS{Semenov2011dan,
  AUTHOR = {Семенов, ЕМ and Сукочев, ФА and Усачев, АС},
  BOOKTITLE = {Доклады Академии наук},
  DATE = {2011},
  NUMBER = {2},
  PAGES = {177--178},
  TITLE = {Структурные свойства множества банаховых пределов},
  VOLUME = {441},
}

@ARTICLE{our-ped-2018-alpha-Tx,
  AUTHOR = {Авдеев, Н Н},
  PUBLISHER = {Воронеж: Издательско-полиграфический центр "Научная книга"},
  DATE = {2018},
  JOURNALTITLE = {Некоторые вопросы анализа, алгебры, геометрии и математического образования.},
  PAGES = {20--21},
  TITLE = {О суперпозиции оператора сдвига и одной функции на пространстве ограниченных последовательностей},
}

@ARTICLE{our-mz2019ac0,
  AUTHOR = {Авдеев, Н Н},
  LANGUAGE = {russian},
  PUBLISHER = {Российская академия наук, Математический институт им. В.А. Стеклова РАН},
  URL = {http://mi.mathnet.ru/rus/mz/v105/i3/p462},
  DATE = {2019},
  DOI = {10.4213/mzm12298},
  JOURNALTITLE = {Математические заметки},
  LANGID = {russian},
  NUMBER = {3},
  PAGES = {462--466},
  TITLE = {О пространстве почти сходящихся последовательностей},
  VOLUME = {105},
}

@BOOK{lindenstrauss1979classical,
  AUTHOR = {Lindenstrauss, Joram and Tzafriri, Lior},
  LANGUAGE = {english},
  PUBLISHER = {Springer},
  DATE = {1979},
  LANGID = {english},
  TITLE = {Classical Banach spaces},
  VOLUME = {II},
}

@THESIS{usachev2009_phd_vsu,
  AUTHOR = {Усачев, Александр Сергеевич},
  INSTITUTION = {Воронежский государственный университет},
  DATE = {2009},
  TITLE = {Пространство почти сходящихся последовательностей и банаховы пределы},
  TYPE = {phdthesis},
}

@ARTICLE{bennett1974consistency,
  AUTHOR = {Bennett, G and Kalton, NJ},
  LANGUAGE = {english},
  DATE = {1974},
  JOURNALTITLE = {Transactions of the American Mathematical Society},
  LANGID = {english},
  PAGES = {23--43},
  TITLE = {Consistency theorems for almost convergence},
  VOLUME = {198},
}

@ARTICLE{Semenov2014geomprops,
  AUTHOR = {Семёнов, Евгений Михайлович and Сукочев, Федор Анатольевич and Усачев, Александр Сергеевич},
  LANGUAGE = {russian},
  PUBLISHER = {Российская академия наук, Математический институт им. В.А. Стеклова Российской академии наук},
  DATE = {2014},
  JOURNALTITLE = {Известия Российской академии наук. Серия математическая},
  LANGID = {russian},
  NUMBER = {3},
  PAGES = {177--204},
  TITLE = {Геометрические свойства множества банаховых пределов},
  VOLUME = {78},
}

@ARTICLE{keller1992invariant,
  AUTHOR = {Keller, G and Moore Jr, LC},
  LANGUAGE = {english},
  PUBLISHER = {Mannheim},
  DATE = {1992},
  JOURNALTITLE = {Analysis and geometry},
  LANGID = {english},
  PAGES = {1--18},
  TITLE = {Invariant means on the group of integers},
}

@ARTICLE{our-vvmsh-2018,
  AUTHOR = {Авдеев, Н Н},
  PUBLISHER = {Москва: Издательство МАКС-Пресс},
  DATE = {2018},
  JOURNALTITLE = {Современные методы теории краевых задач : материалы международной конференции «Понтрягинские чтения — XXIX», посвященной 90-летию Владимира Александровича Ильина (2–6 мая 2018 г.)},
  PAGES = {31--32},
  TITLE = {Замечание об инвариантных банаховых пределах},
}

@ARTICLE{our-ped-2018-inf-dim-ker,
  AUTHOR = {Авдеев, Н Н},
  PUBLISHER = {Воронеж: Издательско-полиграфический центр "Научная книга"},
  DATE = {2018},
  JOURNALTITLE = {Некоторые вопросы анализа, алгебры, геометрии и математического образования.},
  PAGES = {18--19},
  TITLE = {Оператор с бесконечномерным ядром, для которого существует инвариантный банахов предел},
}

