@article{Avdeev2019,
  title={О пространстве почти сходящихся последовательностей},
  author={Авдеев, Н Н},
  journal={Математические заметки},
  volume={105},
  number={3},
  pages={462--466},
  year={2019},
  publisher={Российская академия наук, Математический институт им. ВА Стеклова Российской~…}
}

@article{AvSU,
  title={Банаховы пределы и мера на множестве последовательностей из 0 и 1},
  author={Авдеев, Н Н and Семёнов, Евгений Михайлович and Усачев, Александр Сергеевич},
  journal={Математические заметки},
  volume={106},
  number={5},
  pages={784--787},
  year={2019},
  publisher={Российская академия наук, Математический институт им. ВА Стеклова Российской~…}
}


@article {Alekhno,
    AUTHOR = {Alekhno, Egor },
     TITLE = {Superposition operator on the space of sequences almost
              converging to zero},
   JOURNAL = {Cent. Eur. J. Math.},
  FJOURNAL = {Central European Journal of Mathematics},
    VOLUME = {10},
      YEAR = {2012},
    NUMBER = {2},
     PAGES = {619--645},
      ISSN = {1895-1074},
   MRCLASS = {47H30 (46B45 47B37 47J05)},
  MRNUMBER = {2886562},
MRREVIEWER = {Massimo Lanza de Cristoforis},
       DOI = {10.2478/s11533-011-0135-7},
       URL = {http://dx.doi.org/10.2478/s11533-011-0135-7},
  language={english},
  langid={english},
}

@article{ASSU2,
  title={Порядковые и геометрические свойства множества банаховых пределов},
  author={Алехно, Егор Александрович and Семёнов, Евгений Михайлович and Сукочев, Федор Анатольевич and Усачев, Александр Сергеевич},
  journal={Алгебра и анализ},
  volume={28},
  number={3},
  pages={3--35},
  year={2016},
  publisher={Санкт-Петербургское отделение Математического института им. ВА Стеклова РАН}
}

@article{ASSU4,
  ids={alekhno2018invariant},
  title={Invariant Banach limits and their extreme points},
  author={Alekhno, Egor and Semenov, Evgenii and Sukochev, Fedor and Usachev, Alexandr},
  journal={Studia Mathematica},
  volume={242},
  number={1},
  pages={79--107},
  year={2018},
  publisher={POLISH ACAD SCIENCES INST MATHEMATICS - IMPAN},
  language={english},
  langid={english},
}

@article{Ast_Sem,
  title={Константы Лебега системы Уолша и банаховы пределы},
  author={Асташкин, Сергей Владимирович and Семёнов, Евгений Михайлович},
  journal={Сибирский математический журнал},
  volume={57},
  number={3},
  pages={512--526},
  year={2016},
  publisher={Институт математики им. СЛ Соболева Сибирского отделения Российской академии~…}
}


@article{Bjorklund,
  title={Biharmonic functions on groups and limit theorems for quasimorphisms along random walks},
  author={Bj{\"o}rklund, Michael and Hartnick, Tobias},
  journal={Geometry \& Topology},
  volume={15},
  number={1},
  pages={123--143},
  year={2011},
  publisher={Mathematical Sciences Publishers},
  language={english},
  langid={english},
}

@book {Carothers,
    AUTHOR = {Carothers, N. L.},
     TITLE = {A short course on {B}anach space theory},
    SERIES = {London Mathematical Society Student Texts},
    VOLUME = {64},
 PUBLISHER = {Cambridge University Press},
   ADDRESS = {Cambridge},
      YEAR = {2005},
     PAGES = {xii+184},
      ISBN = {0-521-84283-2; 0-521-60372-2},
   MRCLASS = {46-01 (46B25 46Bxx)},
  MRNUMBER = {2124948 (2005k:46001)},
MRREVIEWER = {Anatolij M. Plichko},
}

@article {Chou,
    AUTHOR = {Chou, Ching},
     TITLE = {On the size of the set of left invariant means on a
              semi-group},
   JOURNAL = {Proc. Amer. Math. Soc.},
  FJOURNAL = {Proceedings of the American Mathematical Society},
    VOLUME = {23},
      YEAR = {1969},
     PAGES = {199--205},
      ISSN = {0002-9939},
   MRCLASS = {46.20 (22.00)},
  MRNUMBER = {0247444},
MRREVIEWER = {E. Granirer},
}

@article {CS,
    AUTHOR = {Carey, A. L. and Sukochev, F. A.},
     TITLE = {Dixmier traces and some applications to noncommutative
              geometry},
   JOURNAL = {Uspekhi Mat. Nauk},
  FJOURNAL = {Rossi\u\i skaya Akademiya Nauk. Moskovskoe Matematicheskoe
              Obshchestvo. Uspekhi Matematicheskikh Nauk},
    VOLUME = {61},
      YEAR = {2006},
    NUMBER = {6(372)},
     PAGES = {45--110},
      ISSN = {0042-1316},
   MRCLASS = {46L87 (58J42)},
  MRNUMBER = {2330013 (2009i:46132)},
       DOI = {10.1070/RM2006v061n06ABEH004369},
       URL = {http://dx.doi.org/10.1070/RM2006v061n06ABEH004369},
  language={english},
  langid={english},
}


@book{Edgar,
  title={Measure, topology, and fractal geometry},
  author={Edgar, Gerald},
  year={2007},
  publisher={Springer Science \& Business Media},
  language={english},
  langid={english},
}

@book {falconer1997techniques,
       IDS = {falconer},
    AUTHOR = {Falconer, Kenneth},
     TITLE = {Techniques in fractal geometry},
 PUBLISHER = {John Wiley \& Sons, Ltd., Chichester},
      YEAR = {1997},
     PAGES = {xviii+256},
      ISBN = {0-471-95724-0},
   MRCLASS = {28A80 (00A69 11K55 58F13)},
  MRNUMBER = {1449135},
MRREVIEWER = {Christoph Bandt},
  language={english},
  langid={english},
}


@book {falconer2003fractal,
       IDS = {falconer},
    AUTHOR = {Falconer, Kenneth},
     TITLE = {Fractal Geometry: Mathematical Foundations and Applications},
 PUBLISHER = {John Wiley \& Sons, Ltd., Chichester},
      YEAR = {2003},
     PAGES = {xxvii+337},
      ISBN = {9780470848616},
  language = {english},
    langid = {english},
       doi = {http://dx.doi.org/10.1002/0470013850},
}


@article {Fekete,
    AUTHOR = {Fekete, M.},
     TITLE = {\"{U}ber die {V}erteilung der {W}urzeln bei gewissen algebraischen
              {G}leichungen mit ganzzahligen {K}oeffizienten},
   JOURNAL = {Math. Z.},
  FJOURNAL = {Mathematische Zeitschrift},
    VOLUME = {17},
      YEAR = {1923},
    NUMBER = {1},
     PAGES = {228--249},
      ISSN = {0025-5874},
   MRCLASS = {DML},
  MRNUMBER = {1544613},
       DOI = {10.1007/BF01504345},
       URL = {https://doi.org/10.1007/BF01504345},
  language={german},
  langid={german},
}

@article{FT,
  title={A decomposition theorem for additive set-functions, with applications to Pettis integrals and ergodic means},
  author={Fremlin, David H and Talagrand, Michel},
  journal={Mathematische Zeitschrift},
  volume={168},
  number={2},
  pages={117--142},
  year={1979},
  publisher={Springer},
  language={english},
  langid={english},
}

@article {Jerison,
    AUTHOR = {Jerison, Meyer},
     TITLE = {The set of all generalized limits of bounded sequences},
   JOURNAL = {Canad. J. Math.},
  FJOURNAL = {Canadian Journal of Mathematics. Journal Canadien de
              Math\'ematiques},
    VOLUME = {9},
      YEAR = {1957},
     PAGES = {79--89},
      ISSN = {0008-414X},
   MRCLASS = {46.2X},
  MRNUMBER = {0083697 (18,747g)},
MRREVIEWER = {G. G. Lorentz},
}

@incollection {Luxemburg,
    AUTHOR = {Luxemburg, W. A. J.},
     TITLE = {Nonstandard hulls, generalized limits and almost convergence},
 BOOKTITLE = {Analysis and geometry},
     PAGES = {19--45},
 PUBLISHER = {Bibliographisches Inst., Mannheim},
      YEAR = {1992},
   MRCLASS = {46S20 (03H05 40G05 40H05 46B20)},
  MRNUMBER = {1274473 (95d:46080)},
MRREVIEWER = {Nader Vakil},
  language={english},
  langid={english},
}

@inproceedings{Mokobodzki,
  title={Ultrafiltres rapides sur N. Construction d’une densit{\'e} relative de deux potentiels comparables},
  author={Mokobodzki, Gabriel},
  booktitle={S{\'e}minaire de Th{\'e}orie du Potentiel, dirig{\'e} par M. Brelot, G. Choquet et J. Deny: 1967/68, Exp. 12},
  pages={22},
  year={1969},
  language={french},
  langid={french},
}

@book {Natanson,
       ids = {NatansonTF},
    AUTHOR = {Натансон, Исидор Павлович},
     TITLE = {Теория функций вещественной переменной},
 PUBLISHER = {М.: Наука},
      YEAR = {1974},
}

@article {Nillsen,
    AUTHOR = {Nillsen, Rodney},
     TITLE = {Nets of extreme {B}anach limits},
   JOURNAL = {Proc. Amer. Math. Soc.},
  FJOURNAL = {Proceedings of the American Mathematical Society},
    VOLUME = {55},
      YEAR = {1976},
    NUMBER = {2},
     PAGES = {347--352},
      ISSN = {0002-9939},
   MRCLASS = {43A07},
  MRNUMBER = {0407530 (53 \#11303)},
MRREVIEWER = {R. V. Chacon},
}

@book {Polya72problems,
    AUTHOR = {P\'{o}lya, G. and Szeg\H{o}, G.},
     TITLE = {Problems and theorems in analysis. {V}ol. {I}: {S}eries,
              integral calculus, theory of functions},
      NOTE = {Translated from the German by D. Aeppli,
              Die Grundlehren der mathematischen Wissenschaften, Band 193},
 PUBLISHER = {Springer-Verlag, New York-Berlin},
      YEAR = {1972},
     PAGES = {xix+389},
   MRCLASS = {00A05},
  MRNUMBER = {0344042},
  language={english},
  langid={english},
}

@article{Sem_Sht,
  title={Оценки норм операторных блоков в банаховых решетках},
  author={Семёнов, Евгений Михайлович and Штейнберг, А М},
  journal={Математический сборник},
  volume={126},
  number={3},
  pages={327--343},
  year={1985},
  publisher={Российская академия наук, Математический институт им. ВА Стеклова Российской~…}
}

@article{SS,
  title={Характеристические функции банаховых пределов},
  author={Семенов, Евгений Михайлович and Сукочев, Федор Анатольевич},
  journal={Сибирский математический журнал},
  volume={51},
  number={4},
  pages={904--910},
  year={2010}
}

@article {SS_JFA,
    AUTHOR = {Semenov, Evgenii M. and Sukochev, Fedor A.},
     TITLE = {Invariant {B}anach limits and applications},
   JOURNAL = {J. Funct. Anal.},
  FJOURNAL = {Journal of Functional Analysis},
    VOLUME = {259},
      YEAR = {2010},
    NUMBER = {6},
     PAGES = {1517--1541},
      ISSN = {0022-1236},
     CODEN = {JFUAAW},
   MRCLASS = {46L30 (47B10 47L20)},
  MRNUMBER = {2659770 (2011m:46109)},
MRREVIEWER = {Hermann K{\"o}nig},
       DOI = {10.1016/j.jfa.2010.05.011},
       URL = {http://dx.doi.org/10.1016/j.jfa.2010.05.011},
  language={english},
  langid={english},
}

@article{SSU2,
  title={Геометрические свойства множества банаховых пределов},
  author={Семёнов, Евгений Михайлович and Сукочев, Федор Анатольевич and Усачев, Александр Сергеевич},
  journal={Известия Российской академии наук. Серия математическая},
  volume={78},
  number={3},
  pages={177--204},
  year={2014},
  publisher={Российская академия наук, Математический институт им. ВА Стеклова Российской~…}
}

@article{SSU_survey,
  title={Геометрия банаховых пределов и их приложения},
  author={Семёнов, Евгений Михайлович and Сукочев, Федор Анатольевич and Усачев, Александр Сергеевич},
  journal={Успехи матем. наук},
  pages={в печати},
}

@article {SSUZ3,
    AUTHOR = {Semenov, E. and Sukochev, F. and Usachev, A. and Zanin, D.},
     TITLE = {Dilation invariant Banach limits},
   JOURNAL = {Indag. Math.},
     PAGES = {in press},
  language={english},
  langid={english},
}

@inproceedings{SU,
  title={Коэффициенты Фурье--Хаара и банаховы пределы},
  author={Семенов, Е. М. and Усачев, А. С.},
  booktitle={Доклады Академии наук},
  volume={425},
  number={2},
  pages={172--173},
  year={2009},
  % No DOI found
  % https://www.mathnet.ru/rus/dan117
%  organization={Федеральное государственное унитарное предприятие Академический научно~…}
}

@article {Talagrand,
    AUTHOR = {Talagrand, Michel},
     TITLE = {Moyennes de {B}anach extr\'emales},
   JOURNAL = {C. R. Acad. Sci. Paris S\'er. A-B},
    VOLUME = {282},
      YEAR = {1976},
    NUMBER = {23},
     PAGES = {Aii, A1359--A1362},
   MRCLASS = {43A07},
  MRNUMBER = {0420131 (54 \#8146)},
MRREVIEWER = {E. Granirer},
}

@article{U2,
  title={On Fourier--Haar coefficients of the function from the Marcinkiewicz space},
  author={Usachev, Alexandr},
  journal={Journal of Mathematical Analysis and Applications},
  volume={414},
  number={1},
  pages={110--124},
  year={2014},
  publisher={Elsevier},
  language={english},
  langid={english},
}
