@misc{Mazur,
  title={O metodach sumomalno{\'s}ci},
  author={Mazur, S},
  year={1929},
  publisher={Ksi e ga Pami a tkowa I Polskiego Zjazdu Matematycznego. Supl{\'e}ment auz~â€¦}
}


@article{lorentz1948contribution,
  ids={L},
    AUTHOR = {Lorentz, G. G.},
     TITLE = {A contribution to the theory of divergent sequences},
    VOLUME = {80},
      YEAR = {1948},
     PAGES = {167--190},
      ISSN = {0001-5962},
   MRCLASS = {40.0X},
  MRNUMBER = {0027868 (10,367e)},
MRREVIEWER = {R. P. Agnew},
  number={1},
  publisher={Springer},
  hyphenation={english},
  language={english},
  langid={english},
}


@book{banach1993theorie,
       IDS = {B},
    AUTHOR = {Banach, Stefan},
     TITLE = {Th\'eorie des op\'erations lin\'eaires},
      NOTE = {Reprint of the 1932 original},
 PUBLISHER = {\'Editions Jacques Gabay},
   ADDRESS = {Sceaux},
      YEAR = {1993},
     PAGES = {iv+128},
      ISBN = {2-87647-148-5},
   MRCLASS = {01A75 (46-03 47-03)},
  MRNUMBER = {1357166 (97d:01035)},
}
