@article{damerau1964technique,
  title={A technique for computer detection and correction of spelling errors},
  author={Damerau, Fred J},
  journal={Communications of the ACM},
  volume={7},
  number={3},
  pages={171--176},
  year={1964},
  publisher={ACM New York, NY, USA}
}

@article{levenstein1965binary,
  title={Двоичные коды с исправлением выпадений, вставок и замещений символов},
  author={Левенштейн, Владимир Иосифович},
  journal={Доклады Академии наук},
  volume={163},
  number={4},
  pages={845--848},
  year={1965},
  organization={Российская академия наук}
}

@article{wagner1974string,
  title={The string-to-string correction problem},
  author={Wagner, Robert A and Fischer, Michael J},
  journal={Journal of the ACM (JACM)},
  volume={21},
  number={1},
  pages={168--173},
  year={1974},
  publisher={ACM New York, NY, USA}
}

@inproceedings{bard2006spelling,
  title={Spelling-error tolerant, order-independent pass-phrases via the Damerau"=Levenshtein string-edit distance metric},
  author={Bard, Gregory V},
  journal={Cryptology ePrint Archive},
  year={2007},
  volume={68},
  booktitle={Proceedings of the Fifth Australasian Symposium on ACSW Frontiers : 2007, Ballarat, Australia, January 30 - February 2, 2007, Conferences in Research and Practice in Information Technology},
  pages={117–124},
  isbn={978-1-920682-49-1},
  place={Darlinghurst, Australia},
  publisher={Australian Computer Society, Inc.},
}

@article{oommen1997pattern,
  title={Pattern recognition of strings with substitutions, insertions, deletions and generalized transpositions},
  author={Oommen, B John and Loke, Richard KS},
  journal={Pattern Recognition},
  volume={30},
  number={5},
  pages={789--800},
  year={1997},
  publisher={Elsevier}
}

@inproceedings{brill2000improved,
  title={An improved error model for noisy channel spelling correction},
  author={Brill, Eric and Moore, Robert C},
  booktitle={Proceedings of the 38th annual meeting of the association for computational linguistics},
  pages={286--293},
  year={2000},
  doi={10.3115/1075218.1075255},
}

@book{gasfield2003strings,
  title={Строки, деревья и последовательности в алгоритмах: Информатика и вычислительная биология},
  author={Гасфилд, Дэн},
  publisher={СПб.: Невский Диалект},
  pages={590},
  year={2003}
}

@inproceedings{li2006exploring,
  title={Exploring distributional similarity based models for query spelling correction},
  author={Li, Mu and Zhu, Muhua and Zhang, Yang and Zhou, Ming},
  booktitle={Proceedings of the 21st International Conference on Computational Linguistics and 44th Annual Meeting of the Association for Computational Linguistics},
  pages={1025--1032},
  year={2006},
  doi={10.3115/1220175.1220304},
}
