\hyphenation{Ac-ta mathe-ma-ti-ca}
