@book{wojtaszczyk1996banach,
  title={Banach spaces for analysts},
  author={Wojtaszczyk, Przemyslaw},
  volume={25},
  year={1996},
  publisher={Cambridge University Press}
}
