@book{polia1978zadachi,
  title={Задачи и теоремы из анализа},
  author={Полиа, Георг and Сеге, Г},
  year={1978},
  publisher={Наука. Гл. ред. физ.-мат. лит.},
  volume={1},
}

@book{klenke2013probability,
  title={Probability theory: a comprehensive course},
  author={Klenke, Achim},
  year={2013},
  publisher={Springer Science \& Business Media},
  language={english},
  langid={english},
}

@book{kudryavcev2004mathanalys,
  title={Курс математического анализа: в 3 т. Т. 2. Ряды. Дифференциальное и интегральное исчисление функций многих переменных},
  author={Кудрявцев, Л. Д.},
  year={2004},
  publisher={М. : Дрофа},
  language={russian},
  langid={russian},
  pages={720},
}
