@article{our-vvmsh-2018,
  title={Замечание об инвариантных банаховых пределах},
  author={Авдеев, Н Н},
  journal={Современные методы теории краевых задач : материалы международной конференции «Понтрягинские чтения — XXIX», посвященной 90-летию Владимира Александровича Ильина (2–6 мая 2018 г.)},
  pages={31--32},
  year={2018},
  publisher={Москва: Издательство МАКС-Пресс}
}

@article{our-vzms-2018,
  title={Об асимптотических свойствах оператора Чезаро},
  author={Авдеев, Н Н and Семенов, Е М},
  journal={
    Воронежская Зимняя Математическая школа С.Г. Крейна – 2018.
    Материалы Международной конференции. Под ред. В.А. Костина.
  },
  pages={107--109},
  year={2018},
  publisher={Воронеж: Издательско-полиграфический центр "Научная книга"}
}

@article{our-ped-2018-inf-dim-ker,
  title={Оператор с бесконечномерным ядром, для которого существует инвариантный банахов предел},
  author={Авдеев, Н Н},
  journal={
    Некоторые вопросы анализа, алгебры, геометрии и математического образования.
  },
  pages={18--19},
  year={2018},
  publisher={Воронеж: Издательско-полиграфический центр "Научная книга"}
}

@article{our-ped-2018-alpha-Tx,
  title={О суперпозиции оператора сдвига и одной функции на пространстве ограниченных последовательностей},
  author={Авдеев, Н Н},
  journal={
    Некоторые вопросы анализа, алгебры, геометрии и математического образования.
  },
  pages={20--21},
  year={2018},
  publisher={Воронеж: Издательско-полиграфический центр "Научная книга"}
}

@article{our-mz2019ac0,
  title={О пространстве почти сходящихся последовательностей},
  author={Авдеев, Н Н},
  journal={Математические заметки},
  volume={105},
  number={3},
  pages={462--466},
  year={2019},
  publisher={Российская академия наук, Математический институт им. В.А. Стеклова РАН}
}
