@article{Semenov2010invariant,
  title={Invariant Banach limits and applications},
  author={Semenov, Evgenii M and Sukochev, Fedor A},
  journal={Journal of Functional Analysis},
  volume={259},
  number={6},
  pages={1517--1541},
  year={2010},
  publisher={Elsevier}
}
